<record><leader>00000cas a22000007a 4500</leader><controlfield tag="001">14868467</controlfield><controlfield tag="008">861124d186618uutxuir ne      0    0eng d</controlfield><datafield ind1=" " ind2=" " tag="010"><subfield code="a">sn 86090240 </subfield></datafield><datafield ind1=" " ind2=" " tag="040"><subfield code="a">PPM</subfield><subfield code="b">eng</subfield><subfield code="c">PPM</subfield><subfield code="d">OCLCQ</subfield></datafield><datafield ind1=" " ind2=" " tag="042"><subfield code="a">msc</subfield></datafield><datafield ind1="0" ind2="4" tag="245"><subfield code="a">The tri-weekly ledger.</subfield></datafield><datafield ind1=" " ind2=" " tag="260"><subfield code="a">San Antonio [Tex.] :</subfield><subfield code="b">J.M. Smith</subfield></datafield><datafield ind1=" " ind2=" " tag="300"><subfield code="a">v. :</subfield><subfield code="b">ill. (chiefly advertisements) ;</subfield><subfield code="c">57 cm.</subfield></datafield><datafield ind1=" " ind2=" " tag="310"><subfield code="a">Triweekly</subfield></datafield><datafield ind1="1" ind2=" " tag="362"><subfield code="a">Began in 1866.</subfield></datafield><datafield ind1=" " ind2=" " tag="588"><subfield code="a">Description based on: Vol. 1, no. 15 (Mar. 16, 1866).</subfield></datafield><datafield ind1=" " ind2=" " tag="752"><subfield code="a">United States</subfield><subfield code="b">Texas</subfield><subfield code="c">Bexar</subfield><subfield code="d">San Antonio.</subfield></datafield><datafield ind1="0" ind2=" " tag="775"><subfield code="t">San Antonio ledger (San Antonio, Tex. : 1866)</subfield><subfield code="w">(DLC)sn 86090332</subfield></datafield><datafield ind1="0" ind2=" " tag="775"><subfield code="t">Daily ledger (San Antonio, Tex. : 1867)</subfield><subfield code="w">(DLC)sn 86090441</subfield></datafield></record>